
  <record format="MARC21" type="Bibliographic">
    <leader>00002nM2.02200024   000h</leader>
    <controlfield tag="001">1030002</controlfield>
    <controlfield tag="004">20151216160529</controlfield>
    <datafield tag="030" ind1=" " ind2=" ">
      <subfield code="a">a|||d||||||1|</subfield>
    </datafield>
    <datafield tag="050" ind1=" " ind2=" ">
      <subfield code="a">a</subfield>
    </datafield>
    <datafield tag="051" ind1=" " ind2=" ">
      <subfield code="a">s</subfield>
    </datafield>
    <datafield tag="100" ind1=" " ind2=" ">
      <subfield code="a">Kil, Monika</subfield>
    </datafield>
    <datafield tag="200" ind1=" " ind2=" ">
      <subfield code="a">Deutsches Institut für Erwachsenenbildung &lt;Bonn></subfield>
    </datafield>
    <datafield tag="331" ind1=" " ind2=" ">
      <subfield code="a">Organisationsveränderungen in Weiterbildungseinrichtungen</subfield>
    </datafield>
    <datafield tag="335" ind1=" " ind2=" ">
      <subfield code="a">empirische Analysen und Ansatzpunkte für Entwicklung und Forschung.</subfield>
    </datafield>
    <datafield tag="359" ind1=" " ind2=" ">
      <subfield code="a">Monika Kil</subfield>
    </datafield>
    <datafield tag="410" ind1=" " ind2=" ">
      <subfield code="a">Bielefeld</subfield>
    </datafield>
    <datafield tag="412" ind1=" " ind2=" ">
      <subfield code="a">Bertelsmann</subfield>
    </datafield>
    <datafield tag="425" ind1=" " ind2=" ">
      <subfield code="a">2003</subfield>
    </datafield>
    <datafield tag="433" ind1=" " ind2=" ">
      <subfield code="a">160 S.</subfield>
    </datafield>
    <datafield tag="437" ind1=" " ind2=" ">
      <subfield code="a">Bibl.</subfield>
    </datafield>
    <datafield tag="454" ind1=" " ind2=" ">
      <subfield code="a">Theorie und Praxis der Erwachsenenbildung</subfield>
    </datafield>
    <datafield tag="540" ind1="a" ind2=" ">
      <subfield code="a">ISBN 3-7639-1843-4</subfield>
    </datafield>
    <datafield tag="655" ind1="e" ind2=" ">
      <subfield code="u">http://www.die-bonn.de/doks/kil0201.pdf</subfield>
    </datafield>
    <datafield tag="710" ind1=" " ind2=" ">
      <subfield code="a">Organisationsentwicklung</subfield>
    </datafield>
    <datafield tag="710" ind1=" " ind2=" ">
      <subfield code="a">Weiterbildung</subfield>
    </datafield>
    <datafield tag="710" ind1=" " ind2=" ">
      <subfield code="a">Weiterbildungsforschung</subfield>
    </datafield>
    <datafield tag="710" ind1=" " ind2=" ">
      <subfield code="a">Empirische Untersuchung</subfield>
    </datafield>
    <datafield tag="750" ind1=" " ind2=" ">
      <subfield code="a">Zahlreiche Organisationsentwicklungs-, Qualitätsentwicklungs- und Beratungsprojekte wurden bisher in Weiterbildungsorganisationen durchgeführt. Die Ansatzpunkte Verfahrensweisen und Ergebnisse dieser Prozesse sind bisher für Außenstehende nur schwer zugänglich.</subfield>
    </datafield>
    <datafield tag="902" ind1=" " ind2=" ">
      <subfield code="a">Erwachsenenbildung</subfield>
    </datafield>
    <datafield tag="902" ind1=" " ind2=" ">
      <subfield code="a">Organisation</subfield>
    </datafield>
    <datafield tag="907" ind1=" " ind2=" ">
      <subfield code="a">Volkshochschule</subfield>
    </datafield>
    <datafield tag="907" ind1=" " ind2=" ">
      <subfield code="a">Organisation &lt;Struktur></subfield>
    </datafield>
  </record>
  <record format="MARC21" type="Bibliographic">
    <leader>00003nM2.02200024   000h</leader>
    <controlfield tag="001">0000871</controlfield>
    <controlfield tag="002">19991119</controlfield>
    <controlfield tag="003">20070110192846</controlfield>
    <controlfield tag="004">20151216160529</controlfield>
    <controlfield tag="004">20070915</controlfield>
    <datafield tag="020" ind1="a" ind2=" ">
      <subfield code="a">529766-7zDNB</subfield>
    </datafield>
    <datafield tag="025" ind1="a" ind2=" ">
      <subfield code="a">012833770</subfield>
    </datafield>
    <datafield tag="025" ind1="z" ind2=" ">
      <subfield code="a">529766-7</subfield>
    </datafield>
    <datafield tag="026" ind1=" " ind2=" ">
      <subfield code="a">ZDB529766-7</subfield>
    </datafield>
    <datafield tag="030" ind1=" " ind2=" ">
      <subfield code="a">b|1dcz|z|||37</subfield>
    </datafield>
    <datafield tag="036" ind1="a" ind2=" ">
      <subfield code="a">XA-DE</subfield>
    </datafield>
    <datafield tag="050" ind1=" " ind2=" ">
      <subfield code="a">a|a|||||||||||</subfield>
    </datafield>
    <datafield tag="052" ind1=" " ind2=" ">
      <subfield code="a">p||||||zm||||||</subfield>
    </datafield>
    <datafield tag="073" ind1=" " ind2=" ">
      <subfield code="a">3,2</subfield>
    </datafield>
    <datafield tag="076" ind1="z" ind2=" ">
      <subfield code="a">Ztschr.</subfield>
    </datafield>
    <datafield tag="331" ind1=" " ind2=" ">
      <subfield code="a">Personalführung</subfield>
    </datafield>
    <datafield tag="335" ind1=" " ind2=" ">
      <subfield code="a">Für alle die Personalverantwortung tragen</subfield>
    </datafield>
    <datafield tag="359" ind1=" " ind2=" ">
      <subfield code="a">Hrsg. Deutsche Gesellschaft für Personalführung</subfield>
    </datafield>
    <datafield tag="370" ind1="a" ind2=" ">
      <subfield code="a">Special leadership</subfield>
    </datafield>
    <datafield tag="405" ind1=" " ind2=" ">
      <subfield code="a">1.1968 - 13.1980; 1981 - 1992,10; 25.1992,11 -</subfield>
    </datafield>
    <datafield tag="410" ind1=" " ind2=" ">
      <subfield code="a">Düsseldorf</subfield>
    </datafield>
    <datafield tag="412" ind1=" " ind2=" ">
      <subfield code="a">Deutsche Gesellschaft für Personalführung</subfield>
    </datafield>
    <datafield tag="425" ind1=" " ind2=" ">
      <subfield code="a">1992-2003</subfield>
    </datafield>
    <datafield tag="524" ind1=" " ind2=" ">
      <subfield code="a">Ungezählte Beil. ab 2001: Special leadership</subfield>
    </datafield>
    <datafield tag="542" ind1=" " ind2=" ">
      <subfield code="a">0723-3868</subfield>
    </datafield>
    <datafield tag="710" ind1=" " ind2=" ">
      <subfield code="a">Personalwesen</subfield>
    </datafield>
    <datafield tag="710" ind1=" " ind2=" ">
      <subfield code="a">Zeitschrift</subfield>
    </datafield>
  </record>