
  <record format="MARC21" type="Bibliographic">
    <leader>00009nM2.02200024   000h</leader>
    <controlfield tag="001">1030006</controlfield>
    <controlfield tag="004">20151216160530</controlfield>
    <datafield tag="030" ind1=" " ind2=" ">
      <subfield code="a">a|||d||||||1|</subfield>
    </datafield>
    <datafield tag="050" ind1=" " ind2=" ">
      <subfield code="a">a</subfield>
    </datafield>
    <datafield tag="051" ind1=" " ind2=" ">
      <subfield code="a">m</subfield>
    </datafield>
    <datafield tag="100" ind1=" " ind2=" ">
      <subfield code="a">Gigerenzer, Gerd</subfield>
    </datafield>
    <datafield tag="331" ind1=" " ind2=" ">
      <subfield code="a">¬Das¬ Einmaleins der Skepsis</subfield>
    </datafield>
    <datafield tag="335" ind1=" " ind2=" ">
      <subfield code="a">über den richtigen Umgang mit Zahlen und Risiken.</subfield>
    </datafield>
    <datafield tag="359" ind1=" " ind2=" ">
      <subfield code="a">Gerd Gigerenzer</subfield>
    </datafield>
    <datafield tag="403" ind1=" " ind2=" ">
      <subfield code="a">3. Aufl.</subfield>
    </datafield>
    <datafield tag="410" ind1=" " ind2=" ">
      <subfield code="a">Berlin</subfield>
    </datafield>
    <datafield tag="412" ind1=" " ind2=" ">
      <subfield code="a">Berlin-Verl</subfield>
    </datafield>
    <datafield tag="425" ind1=" " ind2=" ">
      <subfield code="a">2003</subfield>
    </datafield>
    <datafield tag="433" ind1=" " ind2=" ">
      <subfield code="a">406 S.</subfield>
    </datafield>
    <datafield tag="437" ind1=" " ind2=" ">
      <subfield code="a">Bibl., Reg.</subfield>
    </datafield>
    <datafield tag="540" ind1="a" ind2=" ">
      <subfield code="a">ISBN 3-8270-0079-3</subfield>
    </datafield>
    <datafield tag="710" ind1=" " ind2=" ">
      <subfield code="a">Statistik</subfield>
    </datafield>
    <datafield tag="710" ind1=" " ind2=" ">
      <subfield code="a">Anwendung</subfield>
    </datafield>
    <datafield tag="710" ind1=" " ind2=" ">
      <subfield code="a">Wahrnehmung</subfield>
    </datafield>
    <datafield tag="710" ind1=" " ind2=" ">
      <subfield code="a">Information</subfield>
    </datafield>
    <datafield tag="710" ind1=" " ind2=" ">
      <subfield code="a">Kommunikation</subfield>
    </datafield>
  </record>