
  <record format="MARC21" type="Bibliographic">
    <leader>00014nM2.02200024   000h</leader>
    <controlfield tag="001">1030010</controlfield>
    <controlfield tag="004">20151216160530</controlfield>
    <datafield tag="030" ind1=" " ind2=" ">
      <subfield code="a">a|||d||||||1|</subfield>
    </datafield>
    <datafield tag="050" ind1=" " ind2=" ">
      <subfield code="a">a</subfield>
    </datafield>
    <datafield tag="051" ind1=" " ind2=" ">
      <subfield code="a">a</subfield>
    </datafield>
    <datafield tag="100" ind1=" " ind2=" ">
      <subfield code="a">Herrmann, Doris</subfield>
    </datafield>
    <datafield tag="331" ind1=" " ind2=" ">
      <subfield code="a">Bildungseinrichtungen lernen von der Wirtschaft: "Das Kerngeschäft muss lukrativ sein"</subfield>
    </datafield>
    <datafield tag="359" ind1=" " ind2=" ">
      <subfield code="a">Doris Herrmann</subfield>
    </datafield>
    <datafield tag="425" ind1=" " ind2=" ">
      <subfield code="a">2003</subfield>
    </datafield>
    <datafield tag="433" ind1=" " ind2=" ">
      <subfield code="a">10(2003)1, S. 22-24</subfield>
    </datafield>
    <datafield tag="599" ind1=" " ind2=" ">
      <subfield code="a">0000898</subfield>
    </datafield>
    <datafield tag="655" ind1="e" ind2=" ">
      <subfield code="u">http://www.die-bonn.de/doks/herrmann0301.pdf</subfield>
      <subfield code="z">Volltext</subfield>
    </datafield>
    <datafield tag="710" ind1=" " ind2=" ">
      <subfield code="a">Interview</subfield>
    </datafield>
    <datafield tag="710" ind1=" " ind2=" ">
      <subfield code="a">Bildungseinrichtung</subfield>
    </datafield>
    <datafield tag="710" ind1=" " ind2=" ">
      <subfield code="a">Organisationsberatung</subfield>
    </datafield>
    <datafield tag="710" ind1=" " ind2=" ">
      <subfield code="a">Erwachsenenbildung</subfield>
    </datafield>
    <datafield tag="710" ind1=" " ind2=" ">
      <subfield code="a">Wirtschaft</subfield>
    </datafield>
    <datafield tag="710" ind1=" " ind2=" ">
      <subfield code="a">Berufliche Weiterbildung</subfield>
    </datafield>
    <datafield tag="750" ind1=" " ind2=" ">
      <subfield code="a">Doris Herrmann war Unternehmensberaterin bei Kienbaum Management Consultans im Bereich Bildung und Wissenschaft. Sie begleitete Hochschulen und Weiterbildungseinrichtungen bei Reorganisationsprozessen. Demnächst wird sie bei der Akkreditierungsagentur AQAS in Bonn Begutachtungsverfahren für die neuen Studiengänge Bachelor und Master koordinieren. Auf die Frage, was Bildungseinrichtungen von der Wirtschaft lernen können, macht sie für vier Bereiche erheblichen Veränderungsbedarf aus: Professionalisierung der Leitung, Kundenorientierung, Qualitätssicherung und Personalentwicklung.</subfield>
    </datafield>
  </record>