
  <record format="MARC21" type="Bibliographic">
    <leader>00016nM2.02200024   000h</leader>
    <controlfield tag="001">1030011</controlfield>
    <controlfield tag="004">20151216160530</controlfield>
    <datafield tag="030" ind1=" " ind2=" ">
      <subfield code="a">a|||d||||||1|</subfield>
    </datafield>
    <datafield tag="050" ind1=" " ind2=" ">
      <subfield code="a">a</subfield>
    </datafield>
    <datafield tag="051" ind1=" " ind2=" ">
      <subfield code="a">a</subfield>
    </datafield>
    <datafield tag="100" ind1=" " ind2=" ">
      <subfield code="a">Schäffter, Ortfried</subfield>
    </datafield>
    <datafield tag="331" ind1=" " ind2=" ">
      <subfield code="a">Wenn Strukturen "Lerenen" gelingen lassen</subfield>
    </datafield>
    <datafield tag="335" ind1=" " ind2=" ">
      <subfield code="a">"Organisation" aus erwachsenenpädagogischer Sicht</subfield>
    </datafield>
    <datafield tag="359" ind1=" " ind2=" ">
      <subfield code="a">Ortfried Schäffter</subfield>
    </datafield>
    <datafield tag="425" ind1=" " ind2=" ">
      <subfield code="a">2003</subfield>
    </datafield>
    <datafield tag="433" ind1=" " ind2=" ">
      <subfield code="a">10(2003)1, S. 25-28</subfield>
    </datafield>
    <datafield tag="599" ind1=" " ind2=" ">
      <subfield code="a">0000898</subfield>
    </datafield>
    <datafield tag="655" ind1="e" ind2=" ">
      <subfield code="u">http://www.die-bonn.de/doks/schaeffter0301.pdf</subfield>
      <subfield code="z">Volltext</subfield>
    </datafield>
    <datafield tag="710" ind1=" " ind2=" ">
      <subfield code="a">Lernen</subfield>
    </datafield>
    <datafield tag="710" ind1=" " ind2=" ">
      <subfield code="a">Organisationslernen</subfield>
    </datafield>
    <datafield tag="710" ind1=" " ind2=" ">
      <subfield code="a">Erwachsenenbildung</subfield>
    </datafield>
    <datafield tag="710" ind1=" " ind2=" ">
      <subfield code="a">Organisationsentwicklung</subfield>
    </datafield>
    <datafield tag="710" ind1=" " ind2=" ">
      <subfield code="a">Bildungseinrichtung</subfield>
    </datafield>
    <datafield tag="750" ind1=" " ind2=" ">
      <subfield code="a">Auf den ersten Blick klingt Ortfried Schäffters These banal: Eine "pädagogische" Organisation ist eine, der es gelingt, das Zusammenspiel aller ihrer Kräfte erfolgreich auf die Erbringung ihrer spezifischen - nämlich pädagogischen - Leistung zu lenken. Genau bedacht bedeutet dies aber, dass eine pädagogische Organisation eine ist, die "Lernen" erreicht. Ihre Leistung misst sich nicht in Verwahrzahlen, Versorgungszeiten, Hilfs- oder Beratungsaktivitäten. Und auch nicht am Umsatz. Dass "Lernen" mehr als eine unbeabsichtigte Nebenwirkung ist, müssen die Strukturen möglich machen. Das meint "pädagogische Organisationstheorie".</subfield>
    </datafield>
  </record>