
  <record format="MARC21" type="Bibliographic">
    <leader>00018nM2.02200024   000h</leader>
    <controlfield tag="001">1030012</controlfield>
    <controlfield tag="004">20151216160530</controlfield>
    <datafield tag="030" ind1=" " ind2=" ">
      <subfield code="a">a|||d||||||1|</subfield>
    </datafield>
    <datafield tag="050" ind1=" " ind2=" ">
      <subfield code="a">a</subfield>
    </datafield>
    <datafield tag="051" ind1=" " ind2=" ">
      <subfield code="a">a</subfield>
    </datafield>
    <datafield tag="100" ind1=" " ind2=" ">
      <subfield code="a">Dollhausen, Karin</subfield>
    </datafield>
    <datafield tag="331" ind1=" " ind2=" ">
      <subfield code="a">Kultur, System, Netzwerk</subfield>
    </datafield>
    <datafield tag="335" ind1=" " ind2=" ">
      <subfield code="a">Anstösse durch die soziologische Organisationstheorie</subfield>
    </datafield>
    <datafield tag="359" ind1=" " ind2=" ">
      <subfield code="a">Karin Dollhausen</subfield>
    </datafield>
    <datafield tag="425" ind1=" " ind2=" ">
      <subfield code="a">2003</subfield>
    </datafield>
    <datafield tag="433" ind1=" " ind2=" ">
      <subfield code="a">10(2003)1, S. 29-32</subfield>
    </datafield>
    <datafield tag="599" ind1=" " ind2=" ">
      <subfield code="a">0000898</subfield>
    </datafield>
    <datafield tag="655" ind1="e" ind2=" ">
      <subfield code="u">http://www.die-bonn.de/doks/dollhausen0306.pdf</subfield>
      <subfield code="z">Volltext</subfield>
    </datafield>
    <datafield tag="710" ind1=" " ind2=" ">
      <subfield code="a">Organisation</subfield>
    </datafield>
    <datafield tag="710" ind1=" " ind2=" ">
      <subfield code="a">Bildungseinrichtung</subfield>
    </datafield>
    <datafield tag="710" ind1=" " ind2=" ">
      <subfield code="a">Netzwerk</subfield>
    </datafield>
    <datafield tag="710" ind1=" " ind2=" ">
      <subfield code="a">Weiterbildungsmarkt</subfield>
    </datafield>
    <datafield tag="710" ind1=" " ind2=" ">
      <subfield code="a">Theorie</subfield>
    </datafield>
    <datafield tag="710" ind1=" " ind2=" ">
      <subfield code="a">Erwachsenenbildung</subfield>
    </datafield>
    <datafield tag="750" ind1=" " ind2=" ">
      <subfield code="a">Der gegenwärtige Diskurs in der Weiterbildung handelt immer wieder von Kulturen, Systemen und Netzwerken. Karin Dollhausen unterstützt diesen Diskurs durch eine saubere Unterscheidung der organisationssoziologischen Bedeutungen dieser zentralen Begriffe. Anschließend klärt sie, was jeder einzelne der Begriffe für öffentliche Weiterbildungseinrichtungen bedeuten kann und soll: "Kultur" als das Wie des Innenverhältnisses der Organisation lenkt den Blick auf das interne Kommunikationsgeschehen. Die Systemperspektive deutet vorhandene Umweltbezüge als "hausgemacht". Das "Netzwerk" schließlich reflektiert den Ort der Einrichtung im Feld kooperierender und um Marktanteile bemühter Institutionen.</subfield>
    </datafield>
  </record>