
  <record format="MARC21" type="Bibliographic">
    <leader>00020nM2.02200024   000h</leader>
    <controlfield tag="001">1030013</controlfield>
    <controlfield tag="004">20151216160530</controlfield>
    <datafield tag="030" ind1=" " ind2=" ">
      <subfield code="a">a|||d||||||1|</subfield>
    </datafield>
    <datafield tag="050" ind1=" " ind2=" ">
      <subfield code="a">a</subfield>
    </datafield>
    <datafield tag="051" ind1=" " ind2=" ">
      <subfield code="a">a</subfield>
    </datafield>
    <datafield tag="100" ind1=" " ind2=" ">
      <subfield code="a">Kil, Monika</subfield>
    </datafield>
    <datafield tag="331" ind1=" " ind2=" ">
      <subfield code="a">Im Zentrum steht die Person</subfield>
    </datafield>
    <datafield tag="335" ind1=" " ind2=" ">
      <subfield code="a">der Beitrag der Pychologie zum Diskurs über Organisation</subfield>
    </datafield>
    <datafield tag="359" ind1=" " ind2=" ">
      <subfield code="a">Monika Kil</subfield>
    </datafield>
    <datafield tag="425" ind1=" " ind2=" ">
      <subfield code="a">2003</subfield>
    </datafield>
    <datafield tag="433" ind1=" " ind2=" ">
      <subfield code="a">10(2003)1, S. 33-36</subfield>
    </datafield>
    <datafield tag="437" ind1=" " ind2=" ">
      <subfield code="a">Bibl.</subfield>
    </datafield>
    <datafield tag="599" ind1=" " ind2=" ">
      <subfield code="a">0000898</subfield>
    </datafield>
    <datafield tag="655" ind1="e" ind2=" ">
      <subfield code="u">http://www.die-bonn.de/doks/kil0302.pdf</subfield>
      <subfield code="z">Volltext</subfield>
    </datafield>
    <datafield tag="710" ind1=" " ind2=" ">
      <subfield code="a">Organisationsforschung</subfield>
    </datafield>
    <datafield tag="710" ind1=" " ind2=" ">
      <subfield code="a">Psychologie</subfield>
    </datafield>
    <datafield tag="710" ind1=" " ind2=" ">
      <subfield code="a">Pädagogische Psychologie</subfield>
    </datafield>
    <datafield tag="710" ind1=" " ind2=" ">
      <subfield code="a">Organisationspsychologie</subfield>
    </datafield>
    <datafield tag="710" ind1=" " ind2=" ">
      <subfield code="a">Erwachsenenbildung</subfield>
    </datafield>
    <datafield tag="710" ind1=" " ind2=" ">
      <subfield code="a">Bildungseinrichtung</subfield>
    </datafield>
    <datafield tag="750" ind1=" " ind2=" ">
      <subfield code="a">Den Blick auf die Personen und Akteure in Organisationen zu richten, steht von jeher im Fokus der psychologischen Organisationsforschung. Monika Kil verweist darauf, dass auch die Pädagogische Psychologie, die Kognitions- und die Sozialpsychologie Erkenntnisse liefern, die zur lernförderlichen Gestaltung von Weiterbildungsorganisationen beitragen können. Die Entwicklung einer "Lernkultur" ist dabei ein Aspekt. Der Überblick über weitere Entwicklungen und Befunde eröffnet darüber hinaus neue Dimensionen für den Diskurs über Organisation in der Erwachsenen- und Weiterbildung.</subfield>
    </datafield>
  </record>