
  <record format="MARC21" type="Bibliographic">
    <leader>00022nM2.02200024   000h</leader>
    <controlfield tag="001">1030014</controlfield>
    <controlfield tag="004">20151216160530</controlfield>
    <datafield tag="030" ind1=" " ind2=" ">
      <subfield code="a">a|||d||||||1|</subfield>
    </datafield>
    <datafield tag="050" ind1=" " ind2=" ">
      <subfield code="a">a</subfield>
    </datafield>
    <datafield tag="051" ind1=" " ind2=" ">
      <subfield code="a">a</subfield>
    </datafield>
    <datafield tag="100" ind1=" " ind2=" ">
      <subfield code="a">Hartkemeyer, Johannes F.</subfield>
    </datafield>
    <datafield tag="331" ind1=" " ind2=" ">
      <subfield code="a">Moden, Modelle, Mythen,  Menschen</subfield>
    </datafield>
    <datafield tag="335" ind1=" " ind2=" ">
      <subfield code="a">Weiterbildungsorganisationen im Prozess der Modernisierung</subfield>
    </datafield>
    <datafield tag="359" ind1=" " ind2=" ">
      <subfield code="a">Johannes F. Hartkemeyer</subfield>
    </datafield>
    <datafield tag="425" ind1=" " ind2=" ">
      <subfield code="a">2003</subfield>
    </datafield>
    <datafield tag="433" ind1=" " ind2=" ">
      <subfield code="a">10(2003)1, S. 37-40</subfield>
    </datafield>
    <datafield tag="599" ind1=" " ind2=" ">
      <subfield code="a">0000898</subfield>
    </datafield>
    <datafield tag="655" ind1="e" ind2=" ">
      <subfield code="u">http://www.die-bonn.de/doks/hartkemeyer0301.pdf</subfield>
      <subfield code="z">Volltext</subfield>
    </datafield>
    <datafield tag="710" ind1=" " ind2=" ">
      <subfield code="a">Bildungseinrichtung</subfield>
    </datafield>
    <datafield tag="710" ind1=" " ind2=" ">
      <subfield code="a">Erwachsenenbildung</subfield>
    </datafield>
    <datafield tag="710" ind1=" " ind2=" ">
      <subfield code="a">Management</subfield>
    </datafield>
    <datafield tag="710" ind1=" " ind2=" ">
      <subfield code="a">Organisationsentwicklung</subfield>
    </datafield>
    <datafield tag="750" ind1=" " ind2=" ">
      <subfield code="a">Wer in der Praxis die Leitung von Weiterbildungseinrichtungen beobachtet, kann ein Lied von schnell wechselnden Managementstrategien singen. Johannes Hartkemeyer, selber Leiter einer VHS, sichtet die Moden der Vergangenheit und gibt Leitgedanken für den Umgang mit kurzlebigen Moden einerseits und mit dem Thema Organisationsentwicklung andererseits an die Hand. Sein Rat ist: Eine "lernende Organisation" sein, in einem permanenten Reflexionsprozess ihre "mentalen Modelle" beachten und an der Sinnfrage orientiert bleiben! Frei nach dem Buch der Sprüche (Altes Testament): "Ein Volk ohne Visionen geht zugrunde".</subfield>
    </datafield>
  </record>