
  <record format="MARC21" type="Bibliographic">
    <leader>00024nM2.02200024   000h</leader>
    <controlfield tag="001">1030015</controlfield>
    <controlfield tag="004">20151216160531</controlfield>
    <datafield tag="030" ind1=" " ind2=" ">
      <subfield code="a">a|||d||||||1|</subfield>
    </datafield>
    <datafield tag="050" ind1=" " ind2=" ">
      <subfield code="a">a</subfield>
    </datafield>
    <datafield tag="051" ind1=" " ind2=" ">
      <subfield code="a">a</subfield>
    </datafield>
    <datafield tag="100" ind1=" " ind2=" ">
      <subfield code="a">Pruisken, Thomas</subfield>
    </datafield>
    <datafield tag="331" ind1=" " ind2=" ">
      <subfield code="a">Erwachsenenbildung hat sich schon immer "organisiert"</subfield>
    </datafield>
    <datafield tag="359" ind1=" " ind2=" ">
      <subfield code="a">Thomas Pruisken</subfield>
    </datafield>
    <datafield tag="425" ind1=" " ind2=" ">
      <subfield code="a">2003</subfield>
    </datafield>
    <datafield tag="433" ind1=" " ind2=" ">
      <subfield code="a">10(2003)1, S. 42</subfield>
    </datafield>
    <datafield tag="599" ind1=" " ind2=" ">
      <subfield code="a">0000898</subfield>
    </datafield>
    <datafield tag="655" ind1="e" ind2=" ">
      <subfield code="u">http://www.die-bonn.de/doks/pruisken0301.pdf</subfield>
      <subfield code="z">Volltext</subfield>
    </datafield>
    <datafield tag="710" ind1=" " ind2=" ">
      <subfield code="a">Erwachsenenbildung</subfield>
    </datafield>
    <datafield tag="710" ind1=" " ind2=" ">
      <subfield code="a">Organisation</subfield>
    </datafield>
    <datafield tag="710" ind1=" " ind2=" ">
      <subfield code="a">Geschichte der Erwachsenenbildung</subfield>
    </datafield>
    <datafield tag="750" ind1=" " ind2=" ">
      <subfield code="a">Ein historischer Längsschnitt zum Thema Organisation in der Erwachsenenbildung vom 18. Jahrhundert bis heute.</subfield>
    </datafield>
  </record>