
  <record format="MARC21" type="Bibliographic">
    <leader>00026nM2.02200024   000h</leader>
    <controlfield tag="001">1030016</controlfield>
    <controlfield tag="004">20151216160531</controlfield>
    <datafield tag="030" ind1=" " ind2=" ">
      <subfield code="a">a|||d||||||1|</subfield>
    </datafield>
    <datafield tag="050" ind1=" " ind2=" ">
      <subfield code="a">a</subfield>
    </datafield>
    <datafield tag="051" ind1=" " ind2=" ">
      <subfield code="a">a</subfield>
    </datafield>
    <datafield tag="100" ind1=" " ind2=" ">
      <subfield code="a">Mavridis, Savvas</subfield>
    </datafield>
    <datafield tag="331" ind1=" " ind2=" ">
      <subfield code="a">Erwachsenenbildung in Griechenland</subfield>
    </datafield>
    <datafield tag="359" ind1=" " ind2=" ">
      <subfield code="a">Savvas Mavridis</subfield>
    </datafield>
    <datafield tag="425" ind1=" " ind2=" ">
      <subfield code="a">2003</subfield>
    </datafield>
    <datafield tag="433" ind1=" " ind2=" ">
      <subfield code="a">10(2003)1, S. 43-46</subfield>
    </datafield>
    <datafield tag="599" ind1=" " ind2=" ">
      <subfield code="a">0000898</subfield>
    </datafield>
    <datafield tag="655" ind1="e" ind2=" ">
      <subfield code="u">http://www.die-bonn.de/doks/mavridis0301.pdf</subfield>
      <subfield code="z">Volltext</subfield>
    </datafield>
    <datafield tag="710" ind1=" " ind2=" ">
      <subfield code="a">Bildungssystem</subfield>
    </datafield>
    <datafield tag="710" ind1=" " ind2=" ">
      <subfield code="a">Chancengleichheit</subfield>
    </datafield>
    <datafield tag="710" ind1=" " ind2=" ">
      <subfield code="a">Wettbewerb</subfield>
    </datafield>
    <datafield tag="710" ind1=" " ind2=" ">
      <subfield code="a">Griechenland</subfield>
    </datafield>
    <datafield tag="750" ind1=" " ind2=" ">
      <subfield code="a">Im griechischen Bildungssystem reproduziert sich die historisch-kulturelle und regionale Segmentierung der Gesellschaft. Gab es früher die Spaltung zwischen (westlichen) Auslandsgriechen mit ihrer hohen Bildung und den ungebildeten Einheimischen, so finden wir heute wohlhabende griechische Studierende an westlichen Universitäten und die Mehrheit der Jugend in den rückständigen Hochschulen des Landes. Auch in der Erwachsenenbildung werden die bestehende Spaltung festgezurrt und Chancengleichheit nicht erreicht. Griechenland verliert so auf Dauer seine internationale Wettbewerbsfähigkeit.</subfield>
    </datafield>
    <datafield tag="902" ind1=" " ind2=" ">
      <subfield code="a">Erwachsenenbildung</subfield>
    </datafield>
    <datafield tag="902" ind1=" " ind2=" ">
      <subfield code="a">Griechenland</subfield>
    </datafield>
  </record>