
  <record format="MARC21" type="Bibliographic">
    <leader>00028nM2.02200024   000h</leader>
    <controlfield tag="001">1030017</controlfield>
    <controlfield tag="004">20151216160531</controlfield>
    <datafield tag="030" ind1=" " ind2=" ">
      <subfield code="a">a|||d||||||1|</subfield>
    </datafield>
    <datafield tag="050" ind1=" " ind2=" ">
      <subfield code="a">a</subfield>
    </datafield>
    <datafield tag="051" ind1=" " ind2=" ">
      <subfield code="a">a</subfield>
    </datafield>
    <datafield tag="100" ind1=" " ind2=" ">
      <subfield code="a">Ioannidou, Alexandra</subfield>
    </datafield>
    <datafield tag="331" ind1=" " ind2=" ">
      <subfield code="a">Anwendung und Praxisrelevanz von Weiterbildungsstatistiken</subfield>
    </datafield>
    <datafield tag="359" ind1=" " ind2=" ">
      <subfield code="a">Alexandra Ioannidou</subfield>
    </datafield>
    <datafield tag="425" ind1=" " ind2=" ">
      <subfield code="a">2003</subfield>
    </datafield>
    <datafield tag="433" ind1=" " ind2=" ">
      <subfield code="a">10(2003)1, S. 47-49</subfield>
    </datafield>
    <datafield tag="599" ind1=" " ind2=" ">
      <subfield code="a">0000898</subfield>
    </datafield>
    <datafield tag="655" ind1="e" ind2=" ">
      <subfield code="u">http://www.die-bonn.de/doks/ioannidou0301.pdf</subfield>
      <subfield code="z">Volltext</subfield>
    </datafield>
    <datafield tag="710" ind1=" " ind2=" ">
      <subfield code="a">Bildungsstatistik</subfield>
    </datafield>
    <datafield tag="710" ind1=" " ind2=" ">
      <subfield code="a">Weiterbildung</subfield>
    </datafield>
    <datafield tag="710" ind1=" " ind2=" ">
      <subfield code="a">Weiterbildungsbereich</subfield>
    </datafield>
    <datafield tag="710" ind1=" " ind2=" ">
      <subfield code="a">Erwachsenenbildung</subfield>
    </datafield>
    <datafield tag="750" ind1=" " ind2=" ">
      <subfield code="a">In jüngster Zeit ist die Akzeptanz von Statistik im Bildungsbereich gestiegen. Nicht zuletzt als Konsequenz der Veröffentlichung internationaler Vergleichsstudien wie TIMSS und PISA wird statistischen Erhebungen wieder größere Beachtung geschenkt, da sie doch einige unbekannte Fakten ans Licht gebracht haben. Alexandra Ioannidou bereitet den gegenwärtigen Stand der Statistikbemühungen im Weiterbildungsbereich auf und spezifiziert den Gewinn für die Einrichtungen.</subfield>
    </datafield>
    <datafield tag="902" ind1=" " ind2=" ">
      <subfield code="a">Deutsches Institut für Erwachsenenbildung &lt;Bonn></subfield>
    </datafield>
    <datafield tag="902" ind1=" " ind2=" ">
      <subfield code="a">Projekt</subfield>
    </datafield>
  </record>