
  <record format="MARC21" type="Bibliographic">
    <leader>00129nM2.02200024   000h</leader>
    <controlfield tag="001">1030080</controlfield>
    <controlfield tag="004">20151216160537</controlfield>
    <datafield tag="030" ind1=" " ind2=" ">
      <subfield code="a">a|||d||||||1|</subfield>
    </datafield>
    <datafield tag="050" ind1=" " ind2=" ">
      <subfield code="a">a</subfield>
    </datafield>
    <datafield tag="051" ind1=" " ind2=" ">
      <subfield code="a">m</subfield>
    </datafield>
    <datafield tag="100" ind1=" " ind2=" ">
      <subfield code="a">Höhne, Thomas</subfield>
    </datafield>
    <datafield tag="331" ind1=" " ind2=" ">
      <subfield code="a">Pädagogik der Wissensgesellschaft.</subfield>
    </datafield>
    <datafield tag="359" ind1=" " ind2=" ">
      <subfield code="a">Thomas Höhne</subfield>
    </datafield>
    <datafield tag="410" ind1=" " ind2=" ">
      <subfield code="a">Bielefeld</subfield>
    </datafield>
    <datafield tag="412" ind1=" " ind2=" ">
      <subfield code="a">Transcript Verl.</subfield>
    </datafield>
    <datafield tag="425" ind1=" " ind2=" ">
      <subfield code="a">2003</subfield>
    </datafield>
    <datafield tag="433" ind1=" " ind2=" ">
      <subfield code="a">326 S.</subfield>
    </datafield>
    <datafield tag="437" ind1=" " ind2=" ">
      <subfield code="a">Bibl.</subfield>
    </datafield>
    <datafield tag="540" ind1="a" ind2=" ">
      <subfield code="a">ISBN 3-89942-119-1</subfield>
    </datafield>
    <datafield tag="710" ind1=" " ind2=" ">
      <subfield code="a">Wissensgesellschaft</subfield>
    </datafield>
    <datafield tag="710" ind1=" " ind2=" ">
      <subfield code="a">Postmoderne</subfield>
    </datafield>
    <datafield tag="710" ind1=" " ind2=" ">
      <subfield code="a">Erziehungswissenschaft</subfield>
    </datafield>
    <datafield tag="710" ind1=" " ind2=" ">
      <subfield code="a">Wissen</subfield>
    </datafield>
    <datafield tag="710" ind1=" " ind2=" ">
      <subfield code="a">Bildung</subfield>
    </datafield>
    <datafield tag="710" ind1=" " ind2=" ">
      <subfield code="a">Lernen</subfield>
    </datafield>
    <datafield tag="710" ind1=" " ind2=" ">
      <subfield code="a">Selbstgesteuertes Lernen</subfield>
    </datafield>
    <datafield tag="710" ind1=" " ind2=" ">
      <subfield code="a">Lerntheorie</subfield>
    </datafield>
    <datafield tag="750" ind1=" " ind2=" ">
      <subfield code="a">Der Autor des Buches gibt eine kritisch pädagogische Bearbeitung des Begriffs </subfield>
    </datafield>
    <datafield tag="750" ind1=" " ind2=" ">
      <subfield code="a">Wissensgesellschaft. Die zentralen Begriffe 'Wissen', 'Lernen' und 'Bildung' werden reflektiert und dem gängigen Wissensbegriff das Konzept des soziokulturellen Wissens als mögliche Alternative gegenübergestellt. Den Schluss des Bandes bilden grundlegende Überlegungen zum Verhältnis von Wissen und Macht.</subfield>
    </datafield>
  </record>