
  <record format="MARC21" type="Bibliographic">
    <leader>00161nM2.02200024   000h</leader>
    <controlfield tag="001">1030100</controlfield>
    <controlfield tag="004">20151216160538</controlfield>
    <datafield tag="030" ind1=" " ind2=" ">
      <subfield code="a">a|||d||||||1|</subfield>
    </datafield>
    <datafield tag="050" ind1=" " ind2=" ">
      <subfield code="a">a</subfield>
    </datafield>
    <datafield tag="051" ind1=" " ind2=" ">
      <subfield code="a">a</subfield>
    </datafield>
    <datafield tag="100" ind1=" " ind2=" ">
      <subfield code="a">Schleicher, Klaus</subfield>
    </datafield>
    <datafield tag="331" ind1=" " ind2=" ">
      <subfield code="a">Bildungsinnovation in Europa durch 'Corporate Governance' und 'E-learning'</subfield>
    </datafield>
    <datafield tag="359" ind1=" " ind2=" ">
      <subfield code="a">Klaus Schleicher</subfield>
    </datafield>
    <datafield tag="425" ind1=" " ind2=" ">
      <subfield code="a">2003</subfield>
    </datafield>
    <datafield tag="433" ind1=" " ind2=" ">
      <subfield code="a">26(2003)1, S. 32-38</subfield>
    </datafield>
    <datafield tag="437" ind1=" " ind2=" ">
      <subfield code="a">Bibl.</subfield>
    </datafield>
    <datafield tag="552" ind1="b" ind2=" ">
      <subfield code="a">urn:nbn:de:0111-opus-61592</subfield>
    </datafield>
    <datafield tag="599" ind1=" " ind2=" ">
      <subfield code="a">0000953</subfield>
    </datafield>
    <datafield tag="655" ind1="e" ind2=" ">
      <subfield code="u">urn:nbn:de:0111-opus-61592</subfield>
    </datafield>
    <datafield tag="655" ind1="e" ind2=" ">
      <subfield code="u">http://www.pedocs.de/volltexte/2013/6159/pdf/ZEP_1_2003_Schleicher_Bildungsinnovation_in_Europa.pdf</subfield>
      <subfield code="z">Volltext</subfield>
    </datafield>
    <datafield tag="710" ind1=" " ind2=" ">
      <subfield code="a">Bildungspolitik</subfield>
    </datafield>
    <datafield tag="710" ind1=" " ind2=" ">
      <subfield code="a">Bildungsangebot</subfield>
    </datafield>
    <datafield tag="710" ind1=" " ind2=" ">
      <subfield code="a">Lernprozess</subfield>
    </datafield>
    <datafield tag="710" ind1=" " ind2=" ">
      <subfield code="a">Informationstechnik</subfield>
    </datafield>
    <datafield tag="710" ind1=" " ind2=" ">
      <subfield code="a">Wertorientierung</subfield>
    </datafield>
    <datafield tag="710" ind1=" " ind2=" ">
      <subfield code="a">Europäische Erziehung</subfield>
    </datafield>
    <datafield tag="710" ind1=" " ind2=" ">
      <subfield code="a">Europäische Integration</subfield>
    </datafield>
    <datafield tag="710" ind1=" " ind2=" ">
      <subfield code="a">Nationalbewusstsein</subfield>
    </datafield>
    <datafield tag="710" ind1=" " ind2=" ">
      <subfield code="a">Öffentlichkeit</subfield>
    </datafield>
    <datafield tag="710" ind1=" " ind2=" ">
      <subfield code="a">Regierung</subfield>
    </datafield>
    <datafield tag="710" ind1=" " ind2=" ">
      <subfield code="a">Investition</subfield>
    </datafield>
    <datafield tag="710" ind1=" " ind2=" ">
      <subfield code="a">Wettbewerb</subfield>
    </datafield>
    <datafield tag="710" ind1=" " ind2=" ">
      <subfield code="a">Bildung</subfield>
    </datafield>
    <datafield tag="710" ind1=" " ind2=" ">
      <subfield code="a">Wissensgesellschaft</subfield>
    </datafield>
    <datafield tag="710" ind1=" " ind2=" ">
      <subfield code="a">Autonomie</subfield>
    </datafield>
    <datafield tag="710" ind1=" " ind2=" ">
      <subfield code="a">Kommunikation</subfield>
    </datafield>
    <datafield tag="710" ind1=" " ind2=" ">
      <subfield code="a">Medien</subfield>
    </datafield>
    <datafield tag="710" ind1=" " ind2=" ">
      <subfield code="a">E-Learning</subfield>
    </datafield>
    <datafield tag="710" ind1=" " ind2=" ">
      <subfield code="a">Dezentralisierung</subfield>
    </datafield>
    <datafield tag="710" ind1=" " ind2=" ">
      <subfield code="a">Europa</subfield>
    </datafield>
    <datafield tag="710" ind1=" " ind2=" ">
      <subfield code="a">Innovation</subfield>
    </datafield>
    <datafield tag="710" ind1=" " ind2=" ">
      <subfield code="a">Kooperation</subfield>
    </datafield>
    <datafield tag="710" ind1=" " ind2=" ">
      <subfield code="a">Koordination</subfield>
    </datafield>
    <datafield tag="710" ind1=" " ind2=" ">
      <subfield code="a">Tradition</subfield>
    </datafield>
    <datafield tag="710" ind1=" " ind2=" ">
      <subfield code="a">Vernetzung</subfield>
    </datafield>
    <datafield tag="710" ind1=" " ind2=" ">
      <subfield code="a">Europäische Union</subfield>
    </datafield>
    <datafield tag="710" ind1=" " ind2=" ">
      <subfield code="a">Neue Medien</subfield>
    </datafield>
    <datafield tag="710" ind1=" " ind2=" ">
      <subfield code="a">Bildungsstandard</subfield>
    </datafield>
    <datafield tag="750" ind1=" " ind2=" ">
      <subfield code="a">In Europa haben sich die Grundlagen der individuellen Selbstbestimmung und des sozialen Zusammenlebens, der medialen Information und politischen Organisation durch den gemeinsamen Markt, die einheitliche Währung sowie transnationale Rechtsnormen und Entscheidungsprozesse grundlegend gewandelt. Die politischen und Bildungsstrukturen sind jedoch mit der europäischen Multikulturalität, Kommunikation und Konsumption nicht mitgewachsen. Notwendig sind daher neue Ordnungs- und Entscheidungsstrukturen, mehrebige Identitäts- und Wertmuster sowie effizientere Informations- und Lernkonzepte, um die äußerst heterogenen, multinationalen wie sprachlichen Kooperationsfelder demokratisch zu organisieren. Analysiert wird [in diesem Beitrag] inwieweit entsprechende Bildungsinnovationen durch ein mehrebiges 'corporate governance and e-learning' erleichtert werden könnten, ferner welche Innovationspotentiale von verschiedenen Bildungskontexten, -ebenen und -prozessen ausgehen können, bzw. warum es schwierig ist, sie praxisnah zu vernetzen. Sichtbar wird, wie der Verbands- und politische Europakorporatismus angesichts der GATS- Verhandlungsrunde im Bildungsbereich durch mehr Bürgermitsprache ergänzt werden sollte und kann. Zweifellos brauchen die europäischen Gremien mehr demokratische Legitimität, und hängt das Innovationspotential der EU wie der Mitgliedsländer von der Bildung und Mobilität ihrer Bürger ab. Erforderlich ist insofern eine mehrebige Synchronisierung der Bildungsplanung und -praxis mit mehr Subsidiarität von der institutionellen bis zur europäischen Ebene. (DIPF/Orig.)</subfield>
    </datafield>
  </record>