
  <record format="MARC21" type="Bibliographic">
    <leader>00181nM2.02200024   000h</leader>
    <controlfield tag="001">1030111</controlfield>
    <controlfield tag="004">20151216160539</controlfield>
    <datafield tag="030" ind1=" " ind2=" ">
      <subfield code="a">a|||d||||||37</subfield>
    </datafield>
    <datafield tag="050" ind1=" " ind2=" ">
      <subfield code="a">a</subfield>
    </datafield>
    <datafield tag="051" ind1=" " ind2=" ">
      <subfield code="a">m</subfield>
    </datafield>
    <datafield tag="100" ind1="b" ind2=" ">
      <subfield code="a">Götz, Klaus [Hrsg.]</subfield>
    </datafield>
    <datafield tag="331" ind1=" " ind2=" ">
      <subfield code="a">Umbrüche - Aufbrüche</subfield>
    </datafield>
    <datafield tag="335" ind1=" " ind2=" ">
      <subfield code="a">Menschen und Organisationen im Wandel.</subfield>
    </datafield>
    <datafield tag="359" ind1=" " ind2=" ">
      <subfield code="a">Hrsg. Klaus Götz</subfield>
    </datafield>
    <datafield tag="403" ind1=" " ind2=" ">
      <subfield code="a">3. unveränderte Aufl.</subfield>
    </datafield>
    <datafield tag="410" ind1=" " ind2=" ">
      <subfield code="a">Würzburg</subfield>
    </datafield>
    <datafield tag="412" ind1=" " ind2=" ">
      <subfield code="a">Ergon-Verl</subfield>
    </datafield>
    <datafield tag="425" ind1=" " ind2=" ">
      <subfield code="a">1999</subfield>
    </datafield>
    <datafield tag="433" ind1=" " ind2=" ">
      <subfield code="a">173 S.</subfield>
    </datafield>
    <datafield tag="437" ind1=" " ind2=" ">
      <subfield code="a">Bibl.</subfield>
    </datafield>
    <datafield tag="540" ind1="a" ind2=" ">
      <subfield code="a">ISBN 3-928034-37-5</subfield>
    </datafield>
    <datafield tag="710" ind1=" " ind2=" ">
      <subfield code="a">Organisation</subfield>
    </datafield>
    <datafield tag="710" ind1=" " ind2=" ">
      <subfield code="a">Organisationsentwicklung</subfield>
    </datafield>
    <datafield tag="710" ind1=" " ind2=" ">
      <subfield code="a">Sozialer Wandel</subfield>
    </datafield>
    <datafield tag="710" ind1=" " ind2=" ">
      <subfield code="a">Organisationslernen</subfield>
    </datafield>
  </record>