
  <record format="MARC21" type="Bibliographic">
    <leader>00184nM2.02200024   000h</leader>
    <controlfield tag="001">0000897</controlfield>
    <controlfield tag="004">20151216160540</controlfield>
    <datafield tag="030" ind1=" " ind2=" ">
      <subfield code="a">a|||d||||||37</subfield>
    </datafield>
    <datafield tag="050" ind1=" " ind2=" ">
      <subfield code="a">a</subfield>
    </datafield>
    <datafield tag="200" ind1=" " ind2=" ">
      <subfield code="a">Katholische Bundesarbeitsgemeinschaft für Erwachsenenbildung</subfield>
    </datafield>
    <datafield tag="331" ind1=" " ind2=" ">
      <subfield code="a">Info-Dienst</subfield>
    </datafield>
    <datafield tag="335" ind1=" " ind2=" ">
      <subfield code="a">theologische Erwachsenenbildung ; Informationsdienst der Katholischen Bundesarbeitsgemeinschaft für Erwachsenenbildung (KBE), Kommission Theologie, Glaube, Bild</subfield>
    </datafield>
    <datafield tag="410" ind1=" " ind2=" ">
      <subfield code="a">Bonn</subfield>
    </datafield>
    <datafield tag="412" ind1=" " ind2=" ">
      <subfield code="a">KBE</subfield>
    </datafield>
    <datafield tag="425" ind1=" " ind2=" ">
      <subfield code="a">1993 - 2003</subfield>
    </datafield>
    <datafield tag="542" ind1=" " ind2=" ">
      <subfield code="a">0948-1990</subfield>
    </datafield>
    <datafield tag="655" ind1="e" ind2=" ">
      <subfield code="u">http://www.kath.de/kbe/publikationen/sonstige/infodienste.html</subfield>
    </datafield>
  </record>