
  <record format="MARC21" type="Bibliographic">
    <leader>00190nM2.02200024   000h</leader>
    <controlfield tag="001">0000121</controlfield>
    <controlfield tag="004">20151216160540</controlfield>
    <datafield tag="030" ind1=" " ind2=" ">
      <subfield code="a">a|||d||||||37</subfield>
    </datafield>
    <datafield tag="050" ind1=" " ind2=" ">
      <subfield code="a">a</subfield>
    </datafield>
    <datafield tag="200" ind1=" " ind2=" ">
      <subfield code="a">Bund Deutscher Kunsterzieher</subfield>
    </datafield>
    <datafield tag="331" ind1=" " ind2=" ">
      <subfield code="a">BDK-Mitteilungen</subfield>
    </datafield>
    <datafield tag="335" ind1=" " ind2=" ">
      <subfield code="a">Fachzeitschrift des Bundes Deutscher Kunsterzieher e.V</subfield>
    </datafield>
    <datafield tag="410" ind1=" " ind2=" ">
      <subfield code="a">Hannover</subfield>
    </datafield>
    <datafield tag="412" ind1=" " ind2=" ">
      <subfield code="a">Bund</subfield>
    </datafield>
    <datafield tag="425" ind1=" " ind2=" ">
      <subfield code="a">1982-2001</subfield>
    </datafield>
    <datafield tag="531" ind1=" " ind2=" ">
      <subfield code="a">Vorg. Bund Deutscher Kunsterzieher: Mitteilungen des Bundes Deutscher Kunsterzieher</subfield>
    </datafield>
    <datafield tag="542" ind1=" " ind2=" ">
      <subfield code="a">0005-2981</subfield>
    </datafield>
  </record>