
  <record format="MARC21" type="Bibliographic">
    <leader>00196nM2.02200024   000h</leader>
    <controlfield tag="001">0000025</controlfield>
    <controlfield tag="004">20151216160540</controlfield>
    <datafield tag="030" ind1=" " ind2=" ">
      <subfield code="a">a|||d||||||37</subfield>
    </datafield>
    <datafield tag="050" ind1=" " ind2=" ">
      <subfield code="a">a</subfield>
    </datafield>
    <datafield tag="200" ind1=" " ind2=" ">
      <subfield code="a">Bundeszentrale für Politische Bildung &lt;Bonn></subfield>
    </datafield>
    <datafield tag="204" ind1="a" ind2=" ">
      <subfield code="a">Bundeszentrale für Heimatdienst &lt;Bonn></subfield>
    </datafield>
    <datafield tag="331" ind1=" " ind2=" ">
      <subfield code="a">Aus Politik und Zeitgeschichte</subfield>
    </datafield>
    <datafield tag="359" ind1=" " ind2=" ">
      <subfield code="a">hrsg. von der Bundeszentrale für Politische Bildung</subfield>
    </datafield>
    <datafield tag="410" ind1=" " ind2=" ">
      <subfield code="a">Bonn</subfield>
    </datafield>
    <datafield tag="412" ind1=" " ind2=" ">
      <subfield code="a">Bundeszentrale</subfield>
    </datafield>
    <datafield tag="425" ind1=" " ind2=" ">
      <subfield code="a">1980-2003</subfield>
    </datafield>
    <datafield tag="542" ind1=" " ind2=" ">
      <subfield code="a">0479-611x</subfield>
    </datafield>
  </record>
  <record format="MARC21" type="Bibliographic">
    <leader>00197nM2.02200024   000h</leader>
    <controlfield tag="001">1030120</controlfield>
    <controlfield tag="004">20151216160540</controlfield>
    <datafield tag="030" ind1=" " ind2=" ">
      <subfield code="a">a|||d||||||37</subfield>
    </datafield>
    <datafield tag="050" ind1=" " ind2=" ">
      <subfield code="a">a</subfield>
    </datafield>
    <datafield tag="051" ind1=" " ind2=" ">
      <subfield code="a">a</subfield>
    </datafield>
    <datafield tag="331" ind1=" " ind2=" ">
      <subfield code="a">(Themenheft zum Thema Alter)</subfield>
    </datafield>
    <datafield tag="425" ind1=" " ind2=" ">
      <subfield code="a">2003</subfield>
    </datafield>
    <datafield tag="433" ind1=" " ind2=" ">
      <subfield code="a">(2003)B 20, S. 3-54.</subfield>
    </datafield>
    <datafield tag="599" ind1=" " ind2=" ">
      <subfield code="a">0000025</subfield>
    </datafield>
    <datafield tag="710" ind1=" " ind2=" ">
      <subfield code="a">Demographie</subfield>
    </datafield>
    <datafield tag="710" ind1=" " ind2=" ">
      <subfield code="a">Alter</subfield>
    </datafield>
    <datafield tag="710" ind1=" " ind2=" ">
      <subfield code="a">Statistik</subfield>
    </datafield>
    <datafield tag="710" ind1=" " ind2=" ">
      <subfield code="a">Unternehmen</subfield>
    </datafield>
    <datafield tag="710" ind1=" " ind2=" ">
      <subfield code="a">Bildung</subfield>
    </datafield>
  </record>