
  <record format="MARC21" type="Bibliographic">
    <leader>00206nM2.02200024   000h</leader>
    <controlfield tag="001">1030129</controlfield>
    <controlfield tag="004">20151216160541</controlfield>
    <datafield tag="030" ind1=" " ind2=" ">
      <subfield code="a">a|||d||||||1|</subfield>
    </datafield>
    <datafield tag="050" ind1=" " ind2=" ">
      <subfield code="a">a</subfield>
    </datafield>
    <datafield tag="051" ind1=" " ind2=" ">
      <subfield code="a">m</subfield>
    </datafield>
    <datafield tag="100" ind1=" " ind2=" ">
      <subfield code="a">Seufert, Sabine</subfield>
    </datafield>
    <datafield tag="104" ind1="a" ind2=" ">
      <subfield code="a">Mayr, Peter</subfield>
    </datafield>
    <datafield tag="331" ind1=" " ind2=" ">
      <subfield code="a">Fachlexikon e-learning</subfield>
    </datafield>
    <datafield tag="335" ind1=" " ind2=" ">
      <subfield code="a">Wegweiser durch das e-Vokabular.</subfield>
    </datafield>
    <datafield tag="359" ind1=" " ind2=" ">
      <subfield code="a">Sabine Seufert ; Peter Mayr</subfield>
    </datafield>
    <datafield tag="410" ind1=" " ind2=" ">
      <subfield code="a">Bonn</subfield>
    </datafield>
    <datafield tag="412" ind1=" " ind2=" ">
      <subfield code="a">May</subfield>
    </datafield>
    <datafield tag="425" ind1=" " ind2=" ">
      <subfield code="a">2002</subfield>
    </datafield>
    <datafield tag="433" ind1=" " ind2=" ">
      <subfield code="a">143 S.</subfield>
    </datafield>
    <datafield tag="437" ind1=" " ind2=" ">
      <subfield code="a">Reg.</subfield>
    </datafield>
    <datafield tag="540" ind1="a" ind2=" ">
      <subfield code="a">ISBN 3-931488-64-0</subfield>
    </datafield>
    <datafield tag="710" ind1=" " ind2=" ">
      <subfield code="a">Lexikon</subfield>
    </datafield>
    <datafield tag="710" ind1=" " ind2=" ">
      <subfield code="a">E-Learning</subfield>
    </datafield>
    <datafield tag="710" ind1=" " ind2=" ">
      <subfield code="a">Definition</subfield>
    </datafield>
    <datafield tag="902" ind1=" " ind2=" ">
      <subfield code="a">Begriff</subfield>
    </datafield>
    <datafield tag="902" ind1=" " ind2=" ">
      <subfield code="a">Lexikon</subfield>
    </datafield>
  </record>
  <record format="MARC21" type="Bibliographic">
    <leader>00207nM2.02200024   000h</leader>
    <controlfield tag="001">0000871</controlfield>
    <controlfield tag="002">19991119</controlfield>
    <controlfield tag="003">20070110192846</controlfield>
    <controlfield tag="004">20151216160541</controlfield>
    <controlfield tag="004">20070915</controlfield>
    <datafield tag="020" ind1="a" ind2=" ">
      <subfield code="a">529766-7zDNB</subfield>
    </datafield>
    <datafield tag="025" ind1="a" ind2=" ">
      <subfield code="a">012833770</subfield>
    </datafield>
    <datafield tag="025" ind1="z" ind2=" ">
      <subfield code="a">529766-7</subfield>
    </datafield>
    <datafield tag="026" ind1=" " ind2=" ">
      <subfield code="a">ZDB529766-7</subfield>
    </datafield>
    <datafield tag="030" ind1=" " ind2=" ">
      <subfield code="a">b|1dcz|z|||37</subfield>
    </datafield>
    <datafield tag="036" ind1="a" ind2=" ">
      <subfield code="a">XA-DE</subfield>
    </datafield>
    <datafield tag="050" ind1=" " ind2=" ">
      <subfield code="a">a|a|||||||||||</subfield>
    </datafield>
    <datafield tag="052" ind1=" " ind2=" ">
      <subfield code="a">p||||||zm||||||</subfield>
    </datafield>
    <datafield tag="073" ind1=" " ind2=" ">
      <subfield code="a">3,2</subfield>
    </datafield>
    <datafield tag="076" ind1="z" ind2=" ">
      <subfield code="a">Ztschr.</subfield>
    </datafield>
    <datafield tag="331" ind1=" " ind2=" ">
      <subfield code="a">Personalführung</subfield>
    </datafield>
    <datafield tag="335" ind1=" " ind2=" ">
      <subfield code="a">Für alle die Personalverantwortung tragen</subfield>
    </datafield>
    <datafield tag="359" ind1=" " ind2=" ">
      <subfield code="a">Hrsg. Deutsche Gesellschaft für Personalführung</subfield>
    </datafield>
    <datafield tag="370" ind1="a" ind2=" ">
      <subfield code="a">Special leadership</subfield>
    </datafield>
    <datafield tag="405" ind1=" " ind2=" ">
      <subfield code="a">1.1968 - 13.1980; 1981 - 1992,10; 25.1992,11 -</subfield>
    </datafield>
    <datafield tag="410" ind1=" " ind2=" ">
      <subfield code="a">Düsseldorf</subfield>
    </datafield>
    <datafield tag="412" ind1=" " ind2=" ">
      <subfield code="a">Deutsche Gesellschaft für Personalführung</subfield>
    </datafield>
    <datafield tag="425" ind1=" " ind2=" ">
      <subfield code="a">1992-2003</subfield>
    </datafield>
    <datafield tag="524" ind1=" " ind2=" ">
      <subfield code="a">Ungezählte Beil. ab 2001: Special leadership</subfield>
    </datafield>
    <datafield tag="542" ind1=" " ind2=" ">
      <subfield code="a">0723-3868</subfield>
    </datafield>
    <datafield tag="710" ind1=" " ind2=" ">
      <subfield code="a">Personalwesen</subfield>
    </datafield>
    <datafield tag="710" ind1=" " ind2=" ">
      <subfield code="a">Zeitschrift</subfield>
    </datafield>
  </record>