
  <record format="MARC21" type="Bibliographic">
    <leader>00221nM2.02200024   000h</leader>
    <controlfield tag="001">0000030</controlfield>
    <controlfield tag="004">20151216160542</controlfield>
    <datafield tag="030" ind1=" " ind2=" ">
      <subfield code="a">a|||d||||||37</subfield>
    </datafield>
    <datafield tag="050" ind1=" " ind2=" ">
      <subfield code="a">a</subfield>
    </datafield>
    <datafield tag="200" ind1=" " ind2=" ">
      <subfield code="a">Forschungsinstitut für Sozial- und Verwaltungswissenschaften &lt;Köln></subfield>
    </datafield>
    <datafield tag="204" ind1="a" ind2=" ">
      <subfield code="a">Forschungsinstitut für Soziologie &lt;Köln></subfield>
    </datafield>
    <datafield tag="331" ind1=" " ind2=" ">
      <subfield code="a">Kölner Zeitschrift für Soziologie und Sozialpsychologie</subfield>
    </datafield>
    <datafield tag="335" ind1=" " ind2=" ">
      <subfield code="a">KZfSS</subfield>
    </datafield>
    <datafield tag="410" ind1=" " ind2=" ">
      <subfield code="a">Wiesbaden</subfield>
    </datafield>
    <datafield tag="412" ind1=" " ind2=" ">
      <subfield code="a">VS Verl. für Sozialwiss. [u.a.]</subfield>
    </datafield>
    <datafield tag="425" ind1=" " ind2=" ">
      <subfield code="a">1984-2002</subfield>
    </datafield>
    <datafield tag="531" ind1=" " ind2=" ">
      <subfield code="a">Kölner Vierteljahrshefte für Soziologie</subfield>
    </datafield>
    <datafield tag="542" ind1=" " ind2=" ">
      <subfield code="a">0023-2653</subfield>
    </datafield>
  </record>