
  <record format="MARC21" type="Bibliographic">
    <leader>00233nM2.02200024   000h</leader>
    <controlfield tag="001">0001012</controlfield>
    <controlfield tag="004">20151216160542</controlfield>
    <datafield tag="030" ind1=" " ind2=" ">
      <subfield code="a">a|||d||||||37</subfield>
    </datafield>
    <datafield tag="050" ind1=" " ind2=" ">
      <subfield code="a">a</subfield>
    </datafield>
    <datafield tag="200" ind1=" " ind2=" ">
      <subfield code="a">Österreich / Bundesministerium für Bildung, Wissenschaft und Kultur</subfield>
    </datafield>
    <datafield tag="204" ind1="a" ind2=" ">
      <subfield code="a">Österreich / Bundesministerium für Unterricht und Kulturelle Angelegenheiten</subfield>
    </datafield>
    <datafield tag="208" ind1="a" ind2=" ">
      <subfield code="a">Österreich / Bundesministerium für Unterricht und Kunst</subfield>
    </datafield>
    <datafield tag="331" ind1=" " ind2=" ">
      <subfield code="a">Medien-Impulse</subfield>
    </datafield>
    <datafield tag="335" ind1=" " ind2=" ">
      <subfield code="a">mi ; Beiträge zur Medienpädagogik</subfield>
    </datafield>
    <datafield tag="359" ind1=" " ind2=" ">
      <subfield code="a">Bundesministerium für Bildung, Wissenschaft und Kultur, Abt. Z/11</subfield>
    </datafield>
    <datafield tag="410" ind1=" " ind2=" ">
      <subfield code="a">Wien</subfield>
    </datafield>
    <datafield tag="412" ind1=" " ind2=" ">
      <subfield code="a">Herold</subfield>
    </datafield>
    <datafield tag="425" ind1=" " ind2=" ">
      <subfield code="a">1996-2003</subfield>
    </datafield>
    <datafield tag="542" ind1=" " ind2=" ">
      <subfield code="a">1029-3825</subfield>
    </datafield>
  </record>