
  <record format="MARC21" type="Bibliographic">
    <leader>00248nM2.02200024   000h</leader>
    <controlfield tag="001">0000075</controlfield>
    <controlfield tag="004">20151216160543</controlfield>
    <datafield tag="030" ind1=" " ind2=" ">
      <subfield code="a">a|||d||||||37</subfield>
    </datafield>
    <datafield tag="050" ind1=" " ind2=" ">
      <subfield code="a">a</subfield>
    </datafield>
    <datafield tag="200" ind1=" " ind2=" ">
      <subfield code="a">Bundesakademie für Öffentliche Verwaltung &lt;Bonn></subfield>
    </datafield>
    <datafield tag="331" ind1=" " ind2=" ">
      <subfield code="a">Verwaltung und Fortbildung</subfield>
    </datafield>
    <datafield tag="335" ind1=" " ind2=" ">
      <subfield code="a">VuF ; Schriften der Bundesakademie für Öffentliche Verwaltung</subfield>
    </datafield>
    <datafield tag="410" ind1=" " ind2=" ">
      <subfield code="a">Köln [u.a.]</subfield>
    </datafield>
    <datafield tag="412" ind1=" " ind2=" ">
      <subfield code="a">Heymanns</subfield>
    </datafield>
    <datafield tag="425" ind1=" " ind2=" ">
      <subfield code="a">1980-2003</subfield>
    </datafield>
    <datafield tag="531" ind1=" " ind2=" ">
      <subfield code="a">Später u. d. T.: Akademiebrief / Bundesakademie für Öffentliche Verwaltung</subfield>
    </datafield>
    <datafield tag="542" ind1=" " ind2=" ">
      <subfield code="a">0342-6718</subfield>
    </datafield>
  </record>