
  <record format="MARC21" type="Bibliographic">
    <leader>00301nM2.02200024   000y</leader>
    <controlfield tag="001">1038858</controlfield>
    <controlfield tag="004">20151216160546</controlfield>
    <datafield tag="010" ind1=" " ind2=" ">
      <subfield code="a">1038856</subfield>
    </datafield>
    <datafield tag="030" ind1=" " ind2=" ">
      <subfield code="a">a|||d||||||37</subfield>
    </datafield>
    <datafield tag="050" ind1=" " ind2=" ">
      <subfield code="a">a</subfield>
    </datafield>
    <datafield tag="051" ind1=" " ind2=" ">
      <subfield code="a">t</subfield>
    </datafield>
    <datafield tag="100" ind1="b" ind2=" ">
      <subfield code="a">Lost, Christine [Hrsg.]</subfield>
    </datafield>
    <datafield tag="331" ind1=" " ind2=" ">
      <subfield code="a">Historische Pädagogik</subfield>
    </datafield>
    <datafield tag="359" ind1=" " ind2=" ">
      <subfield code="a">hrsg. von Christine Lost ...</subfield>
    </datafield>
    <datafield tag="540" ind1="a" ind2=" ">
      <subfield code="a">ISBN 3-89676-541-8</subfield>
    </datafield>
  </record>