
  <record format="MARC21" type="Bibliographic">
    <leader>00434nM2.02200024   000h</leader>
    <controlfield tag="001">0000215</controlfield>
    <controlfield tag="004">20151216160554</controlfield>
    <datafield tag="030" ind1=" " ind2=" ">
      <subfield code="a">a|||d||||||37</subfield>
    </datafield>
    <datafield tag="050" ind1=" " ind2=" ">
      <subfield code="a">a</subfield>
    </datafield>
    <datafield tag="200" ind1=" " ind2=" ">
      <subfield code="a">Deutsches Institut für Wissenschaftliche Pädagogik</subfield>
    </datafield>
    <datafield tag="204" ind1="a" ind2=" ">
      <subfield code="a">Görres-Gesellschaft zur Pflege der Wissenschaft</subfield>
    </datafield>
    <datafield tag="331" ind1=" " ind2=" ">
      <subfield code="a">Vierteljahrsschrift für wissenschaftliche Pädagogik</subfield>
    </datafield>
    <datafield tag="359" ind1=" " ind2=" ">
      <subfield code="a">im Auftr. der Görres-Gesellschaft</subfield>
    </datafield>
    <datafield tag="410" ind1=" " ind2=" ">
      <subfield code="a">Paderborn</subfield>
    </datafield>
    <datafield tag="412" ind1=" " ind2=" ">
      <subfield code="a">Schöningh</subfield>
    </datafield>
    <datafield tag="425" ind1=" " ind2=" ">
      <subfield code="a">1959 -2003</subfield>
    </datafield>
    <datafield tag="542" ind1=" " ind2=" ">
      <subfield code="a">0507-7230</subfield>
    </datafield>
  </record>