
  <record format="MARC21" type="Bibliographic">
    <leader>00514nM2.02200024   000h</leader>
    <controlfield tag="001">0001100</controlfield>
    <controlfield tag="004">20151216160559</controlfield>
    <datafield tag="030" ind1=" " ind2=" ">
      <subfield code="a">a|||d||||||37</subfield>
    </datafield>
    <datafield tag="050" ind1=" " ind2=" ">
      <subfield code="a">a</subfield>
    </datafield>
    <datafield tag="200" ind1=" " ind2=" ">
      <subfield code="a">Forum Katholischer Erwachsenenbildung in Österreich</subfield>
    </datafield>
    <datafield tag="331" ind1=" " ind2=" ">
      <subfield code="a">Tools</subfield>
    </datafield>
    <datafield tag="335" ind1=" " ind2=" ">
      <subfield code="a">Österreichische Fachzeitschrift für Erwachsenenbildung</subfield>
    </datafield>
    <datafield tag="359" ind1=" " ind2=" ">
      <subfield code="a">Forum Katholischer Erwachsenenbildung in Österreich</subfield>
    </datafield>
    <datafield tag="410" ind1=" " ind2=" ">
      <subfield code="a">Wien</subfield>
    </datafield>
    <datafield tag="425" ind1=" " ind2=" ">
      <subfield code="a">1998 - 2003</subfield>
    </datafield>
    <datafield tag="531" ind1=" " ind2=" ">
      <subfield code="a">Bundesarbeitsgemeinschaft für Katholische Erwachsenenbildung in Österreich: Bakeb-Informationen</subfield>
    </datafield>
    <datafield tag="655" ind1="e" ind2=" ">
      <subfield code="u">http://www.weiterwissen.at/siteswift.php?p=eb_tools.tpl&amp;d=N%3B&amp;t=85968</subfield>
    </datafield>
  </record>