
  <record format="MARC21" type="Bibliographic">
    <leader>00555nM2.02200024   000h</leader>
    <controlfield tag="001">1030305</controlfield>
    <controlfield tag="004">20151216160601</controlfield>
    <datafield tag="030" ind1=" " ind2=" ">
      <subfield code="a">a|||d||||||1|</subfield>
    </datafield>
    <datafield tag="050" ind1=" " ind2=" ">
      <subfield code="a">a</subfield>
    </datafield>
    <datafield tag="051" ind1=" " ind2=" ">
      <subfield code="a">a</subfield>
    </datafield>
    <datafield tag="100" ind1=" " ind2=" ">
      <subfield code="a">Küchler, Ernst</subfield>
    </datafield>
    <datafield tag="331" ind1=" " ind2=" ">
      <subfield code="a">Chancen für die Weiterbildung</subfield>
    </datafield>
    <datafield tag="335" ind1=" " ind2=" ">
      <subfield code="a">neue Strukturen für lebensbegleitendes Lernen.</subfield>
    </datafield>
    <datafield tag="359" ind1=" " ind2=" ">
      <subfield code="a">Ernst Küchler</subfield>
    </datafield>
    <datafield tag="425" ind1=" " ind2=" ">
      <subfield code="a">2003</subfield>
    </datafield>
    <datafield tag="433" ind1=" " ind2=" ">
      <subfield code="a">Heft 1, S. 4-6.</subfield>
    </datafield>
    <datafield tag="599" ind1=" " ind2=" ">
      <subfield code="a">0001461</subfield>
    </datafield>
    <datafield tag="710" ind1=" " ind2=" ">
      <subfield code="a">Lebenslanges Lernen</subfield>
    </datafield>
    <datafield tag="710" ind1=" " ind2=" ">
      <subfield code="a">Volkshochschule</subfield>
    </datafield>
    <datafield tag="710" ind1=" " ind2=" ">
      <subfield code="a">Weiterbildung</subfield>
    </datafield>
    <datafield tag="710" ind1=" " ind2=" ">
      <subfield code="a">Weiterbildungspolitik</subfield>
    </datafield>
    <datafield tag="710" ind1=" " ind2=" ">
      <subfield code="a">Deutscher Volkshochschulverband</subfield>
    </datafield>
  </record>