
  <record format="MARC21" type="Bibliographic">
    <leader>00600nM2.02200024   000h</leader>
    <controlfield tag="001">1030329</controlfield>
    <controlfield tag="004">20151216160603</controlfield>
    <datafield tag="030" ind1=" " ind2=" ">
      <subfield code="a">a|||d||||||1|</subfield>
    </datafield>
    <datafield tag="050" ind1=" " ind2=" ">
      <subfield code="a">a</subfield>
    </datafield>
    <datafield tag="051" ind1=" " ind2=" ">
      <subfield code="a">a</subfield>
    </datafield>
    <datafield tag="100" ind1=" " ind2=" ">
      <subfield code="a">Kündig, Hermann</subfield>
    </datafield>
    <datafield tag="331" ind1=" " ind2=" ">
      <subfield code="a">Einzelberatung für Lehrende: Zwischen Coaching und Therapie.</subfield>
    </datafield>
    <datafield tag="359" ind1=" " ind2=" ">
      <subfield code="a">Hermann Kündig</subfield>
    </datafield>
    <datafield tag="425" ind1=" " ind2=" ">
      <subfield code="a">2003</subfield>
    </datafield>
    <datafield tag="433" ind1=" " ind2=" ">
      <subfield code="a">37(2003)1, S. 14-16.</subfield>
    </datafield>
    <datafield tag="599" ind1=" " ind2=" ">
      <subfield code="a">0000034</subfield>
    </datafield>
    <datafield tag="710" ind1=" " ind2=" ">
      <subfield code="a">Beratung</subfield>
    </datafield>
    <datafield tag="710" ind1=" " ind2=" ">
      <subfield code="a">Therapie</subfield>
    </datafield>
    <datafield tag="710" ind1=" " ind2=" ">
      <subfield code="a">Lehren</subfield>
    </datafield>
    <datafield tag="710" ind1=" " ind2=" ">
      <subfield code="a">Supervision</subfield>
    </datafield>
  </record>