
  <record format="MARC21" type="Bibliographic">
    <leader>00643nM2.02200024   000h</leader>
    <controlfield tag="001">0001036</controlfield>
    <controlfield tag="004">20151216160606</controlfield>
    <datafield tag="030" ind1=" " ind2=" ">
      <subfield code="a">a|||d||||||37</subfield>
    </datafield>
    <datafield tag="050" ind1=" " ind2=" ">
      <subfield code="a">a</subfield>
    </datafield>
    <datafield tag="200" ind1=" " ind2=" ">
      <subfield code="a">Deutsche Evangelische Arbeitsgemeinschaft für Erwachsenenbildung</subfield>
    </datafield>
    <datafield tag="331" ind1=" " ind2=" ">
      <subfield code="a">Forum EB</subfield>
    </datafield>
    <datafield tag="335" ind1=" " ind2=" ">
      <subfield code="a">Beiträge und Berichte aus der evangelischen Erwachsenenbildung</subfield>
    </datafield>
    <datafield tag="359" ind1=" " ind2=" ">
      <subfield code="a">Deutsche Evangelische Arbeitsgemeinschaft für Erwachsenenbildung e.V.</subfield>
    </datafield>
    <datafield tag="410" ind1=" " ind2=" ">
      <subfield code="a">Frankfurt a.M.</subfield>
    </datafield>
    <datafield tag="412" ind1=" " ind2=" ">
      <subfield code="a">DEAE</subfield>
    </datafield>
    <datafield tag="425" ind1=" " ind2=" ">
      <subfield code="a">1997 - 2003</subfield>
    </datafield>
    <datafield tag="531" ind1=" " ind2=" ">
      <subfield code="a">Vorg. ---> Deutsche Evangelische Arbeitsgemeinschaft für Erwachsenenbildung: Nachrichtendienst / Deutsche Evangelische Arbeitsgemeinschaft für Erwachsenenbildung e.V., DEAE</subfield>
    </datafield>
    <datafield tag="542" ind1=" " ind2=" ">
      <subfield code="a">1433-769X</subfield>
    </datafield>
    <datafield tag="750" ind1=" " ind2=" ">
      <subfield code="a">1997 - 2003</subfield>
    </datafield>
  </record>