
  <record format="MARC21" type="Bibliographic">
    <leader>00656nM2.02200024   000h</leader>
    <controlfield tag="001">1030357</controlfield>
    <controlfield tag="004">20151216160606</controlfield>
    <datafield tag="030" ind1=" " ind2=" ">
      <subfield code="a">a|||d||||||1|</subfield>
    </datafield>
    <datafield tag="050" ind1=" " ind2=" ">
      <subfield code="a">a</subfield>
    </datafield>
    <datafield tag="051" ind1=" " ind2=" ">
      <subfield code="a">a</subfield>
    </datafield>
    <datafield tag="100" ind1=" " ind2=" ">
      <subfield code="a">Seiverth, Andreas</subfield>
    </datafield>
    <datafield tag="331" ind1=" " ind2=" ">
      <subfield code="a">Aus dem Werkstattbericht einer Modernisierungsagentur - eine Polemik aus anlass der 'Hartz- Gesetze'.</subfield>
    </datafield>
    <datafield tag="359" ind1=" " ind2=" ">
      <subfield code="a">Andreas Seiverth</subfield>
    </datafield>
    <datafield tag="425" ind1=" " ind2=" ">
      <subfield code="a">2002</subfield>
    </datafield>
    <datafield tag="433" ind1=" " ind2=" ">
      <subfield code="a">(2002)4, S. 31-33.</subfield>
    </datafield>
    <datafield tag="599" ind1=" " ind2=" ">
      <subfield code="a">0001036</subfield>
    </datafield>
    <datafield tag="710" ind1=" " ind2=" ">
      <subfield code="a">Arbeitsmarkt</subfield>
    </datafield>
    <datafield tag="710" ind1=" " ind2=" ">
      <subfield code="a">Kritik</subfield>
    </datafield>
    <datafield tag="710" ind1=" " ind2=" ">
      <subfield code="a">Arbeitslosigkeit</subfield>
    </datafield>
    <datafield tag="710" ind1=" " ind2=" ">
      <subfield code="a">Weiterbildungspolitik</subfield>
    </datafield>
  </record>