
  <record format="MARC21" type="Bibliographic">
    <leader>00718nM2.02200024   000h</leader>
    <controlfield tag="001">1030421</controlfield>
    <controlfield tag="004">20151216160610</controlfield>
    <datafield tag="030" ind1=" " ind2=" ">
      <subfield code="a">a|||d||||||37</subfield>
    </datafield>
    <datafield tag="050" ind1=" " ind2=" ">
      <subfield code="a">a</subfield>
    </datafield>
    <datafield tag="051" ind1=" " ind2=" ">
      <subfield code="a">s</subfield>
    </datafield>
    <datafield tag="100" ind1="b" ind2=" ">
      <subfield code="a">Bausch, Karl-Richard [Hrsg.]</subfield>
    </datafield>
    <datafield tag="331" ind1=" " ind2=" ">
      <subfield code="a">¬Der¬ Gemeinsame europäische Referenzrahmen für Sprachen in der Diskussion</subfield>
    </datafield>
    <datafield tag="335" ind1=" " ind2=" ">
      <subfield code="a">Arbeitspapiere der 22. Frühjahrskonferenz zur Erforschung des Fremdsprachenunterrichts.</subfield>
    </datafield>
    <datafield tag="359" ind1=" " ind2=" ">
      <subfield code="a">Hrsg. Karl-Richard Bausch</subfield>
    </datafield>
    <datafield tag="410" ind1=" " ind2=" ">
      <subfield code="a">Tübingen</subfield>
    </datafield>
    <datafield tag="412" ind1=" " ind2=" ">
      <subfield code="a">Narr</subfield>
    </datafield>
    <datafield tag="425" ind1=" " ind2=" ">
      <subfield code="a">2003</subfield>
    </datafield>
    <datafield tag="433" ind1=" " ind2=" ">
      <subfield code="a">209 S.</subfield>
    </datafield>
    <datafield tag="437" ind1=" " ind2=" ">
      <subfield code="a">Bibl.</subfield>
    </datafield>
    <datafield tag="454" ind1=" " ind2=" ">
      <subfield code="a">Giessener Beiträge zur Fremdsprachendidaktik</subfield>
    </datafield>
    <datafield tag="540" ind1="a" ind2=" ">
      <subfield code="a">ISBN 3-8233-5325-X</subfield>
    </datafield>
    <datafield tag="710" ind1=" " ind2=" ">
      <subfield code="a">Sprachlehrforschung</subfield>
    </datafield>
    <datafield tag="710" ind1=" " ind2=" ">
      <subfield code="a">Didaktik</subfield>
    </datafield>
    <datafield tag="710" ind1=" " ind2=" ">
      <subfield code="a">Lehr-Lern-Forschung</subfield>
    </datafield>
    <datafield tag="710" ind1=" " ind2=" ">
      <subfield code="a">Weiterbildung</subfield>
    </datafield>
    <datafield tag="710" ind1=" " ind2=" ">
      <subfield code="a">Europa</subfield>
    </datafield>
    <datafield tag="902" ind1=" " ind2=" ">
      <subfield code="a">Fremdsprachenunterricht</subfield>
    </datafield>
    <datafield tag="902" ind1=" " ind2=" ">
      <subfield code="a">Europa</subfield>
    </datafield>
    <datafield tag="907" ind1=" " ind2=" ">
      <subfield code="a">Fremdsprachenlehrer</subfield>
    </datafield>
    <datafield tag="907" ind1=" " ind2=" ">
      <subfield code="a">Weiterbildung</subfield>
    </datafield>
  </record>