
  <record format="MARC21" type="Bibliographic">
    <leader>00721nM2.02200024   000h</leader>
    <controlfield tag="001">1030425</controlfield>
    <controlfield tag="004">20151216160610</controlfield>
    <datafield tag="030" ind1=" " ind2=" ">
      <subfield code="a">a|||d||||||37</subfield>
    </datafield>
    <datafield tag="050" ind1=" " ind2=" ">
      <subfield code="a">a</subfield>
    </datafield>
    <datafield tag="051" ind1=" " ind2=" ">
      <subfield code="a">s</subfield>
    </datafield>
    <datafield tag="100" ind1="b" ind2=" ">
      <subfield code="a">Dohmen, Dieter [Hrsg.]</subfield>
    </datafield>
    <datafield tag="104" ind1="b" ind2=" ">
      <subfield code="a">Cleuvers, Birgitt A. [Hrsg.]</subfield>
    </datafield>
    <datafield tag="200" ind1=" " ind2=" ">
      <subfield code="a">Forschungsinstitut für Bildungs- und Sozialökonomie (Köln)</subfield>
    </datafield>
    <datafield tag="331" ind1=" " ind2=" ">
      <subfield code="a">Finanzierung von Weiterbildung und lebenslangem Lernen</subfield>
    </datafield>
    <datafield tag="335" ind1=" " ind2=" ">
      <subfield code="a">Dokumentation der Konferenz des Forschungsinstituts für Bildungs- und Sozialökonomie am 8. und 9. April 2002 in Köln</subfield>
    </datafield>
    <datafield tag="359" ind1=" " ind2=" ">
      <subfield code="a">Dieter Dohmen ; Birgitt A. Cleuvers (Hrsg.)</subfield>
    </datafield>
    <datafield tag="410" ind1=" " ind2=" ">
      <subfield code="a">Bielefeld</subfield>
    </datafield>
    <datafield tag="412" ind1=" " ind2=" ">
      <subfield code="a">Bertelsmann</subfield>
    </datafield>
    <datafield tag="425" ind1=" " ind2=" ">
      <subfield code="a">2003</subfield>
    </datafield>
    <datafield tag="433" ind1=" " ind2=" ">
      <subfield code="a">247 S.</subfield>
    </datafield>
    <datafield tag="454" ind1=" " ind2=" ">
      <subfield code="a">Schriften zur Bildungs- und Sozialökonomie</subfield>
    </datafield>
    <datafield tag="455" ind1=" " ind2=" ">
      <subfield code="a">2</subfield>
    </datafield>
    <datafield tag="501" ind1=" " ind2=" ">
      <subfield code="a">Beitr. teilw. dt., teilw. engl. - Literaturangaben</subfield>
    </datafield>
    <datafield tag="540" ind1="a" ind2=" ">
      <subfield code="a">ISBN 3-7639-3079-5</subfield>
    </datafield>
    <datafield tag="710" ind1=" " ind2=" ">
      <subfield code="a">Lebenslanges Lernen</subfield>
    </datafield>
    <datafield tag="710" ind1=" " ind2=" ">
      <subfield code="a">Deutschland</subfield>
    </datafield>
    <datafield tag="710" ind1=" " ind2=" ">
      <subfield code="a">Vereinigte Staaten</subfield>
    </datafield>
    <datafield tag="710" ind1=" " ind2=" ">
      <subfield code="a">Tschechische Republik</subfield>
    </datafield>
    <datafield tag="710" ind1=" " ind2=" ">
      <subfield code="a">Dänemark</subfield>
    </datafield>
    <datafield tag="710" ind1=" " ind2=" ">
      <subfield code="a">Japan</subfield>
    </datafield>
    <datafield tag="710" ind1=" " ind2=" ">
      <subfield code="a">Großbritannien</subfield>
    </datafield>
    <datafield tag="710" ind1=" " ind2=" ">
      <subfield code="a">Niederlande</subfield>
    </datafield>
    <datafield tag="710" ind1=" " ind2=" ">
      <subfield code="a">Frankreich</subfield>
    </datafield>
    <datafield tag="710" ind1=" " ind2=" ">
      <subfield code="a">Schweden</subfield>
    </datafield>
    <datafield tag="710" ind1=" " ind2=" ">
      <subfield code="a">Köln</subfield>
    </datafield>
    <datafield tag="902" ind1=" " ind2=" ">
      <subfield code="a">Weiterbildungsfinanzierung</subfield>
    </datafield>
    <datafield tag="902" ind1=" " ind2=" ">
      <subfield code="a">Internationaler Vergleich</subfield>
    </datafield>
    <datafield tag="907" ind1=" " ind2=" ">
      <subfield code="a">Weiterbildungsfinanzierung</subfield>
    </datafield>
    <datafield tag="907" ind1=" " ind2=" ">
      <subfield code="a">Konferenz &lt;2002 Köln></subfield>
    </datafield>
  </record>