
  <record format="MARC21" type="Bibliographic">
    <leader>00735nM2.02200024   000h</leader>
    <controlfield tag="001">1030438</controlfield>
    <controlfield tag="004">20151216160611</controlfield>
    <datafield tag="030" ind1=" " ind2=" ">
      <subfield code="a">a|||d||||||1|</subfield>
    </datafield>
    <datafield tag="050" ind1=" " ind2=" ">
      <subfield code="a">a</subfield>
    </datafield>
    <datafield tag="051" ind1=" " ind2=" ">
      <subfield code="a">s</subfield>
    </datafield>
    <datafield tag="100" ind1=" " ind2=" ">
      <subfield code="a">Heimann, Klaus</subfield>
    </datafield>
    <datafield tag="331" ind1=" " ind2=" ">
      <subfield code="a">Benutzer-Handbuch</subfield>
    </datafield>
    <datafield tag="335" ind1=" " ind2=" ">
      <subfield code="a">Bestandsaufnahme, Profilanalyse und Aktionsplan.</subfield>
    </datafield>
    <datafield tag="359" ind1=" " ind2=" ">
      <subfield code="a">Klaus Heimann</subfield>
    </datafield>
    <datafield tag="410" ind1=" " ind2=" ">
      <subfield code="a">Frankfurt a.M.</subfield>
    </datafield>
    <datafield tag="412" ind1=" " ind2=" ">
      <subfield code="a">Union-Druckerei und Verl.-Anst</subfield>
    </datafield>
    <datafield tag="425" ind1=" " ind2=" ">
      <subfield code="a">2001</subfield>
    </datafield>
    <datafield tag="433" ind1=" " ind2=" ">
      <subfield code="a">Ordner</subfield>
    </datafield>
    <datafield tag="454" ind1=" " ind2=" ">
      <subfield code="a">Job-Navigator : die berufliche Zukunftsberatung kompetent, hilfreich, gut</subfield>
    </datafield>
    <datafield tag="710" ind1=" " ind2=" ">
      <subfield code="a">Berufliche Weiterbildung</subfield>
    </datafield>
    <datafield tag="710" ind1=" " ind2=" ">
      <subfield code="a">Bildungsberatung</subfield>
    </datafield>
    <datafield tag="710" ind1=" " ind2=" ">
      <subfield code="a">Weiterbildungsberatung</subfield>
    </datafield>
    <datafield tag="710" ind1=" " ind2=" ">
      <subfield code="a">Selbsteinschätzung</subfield>
    </datafield>
    <datafield tag="710" ind1=" " ind2=" ">
      <subfield code="a">Handbuch</subfield>
    </datafield>
    <datafield tag="902" ind1=" " ind2=" ">
      <subfield code="a">Kompetenz</subfield>
    </datafield>
    <datafield tag="902" ind1=" " ind2=" ">
      <subfield code="a">Handbuch</subfield>
    </datafield>
  </record>