
  <record format="MARC21" type="Bibliographic">
    <leader>00736nM2.02200024   000h</leader>
    <controlfield tag="001">1030439</controlfield>
    <controlfield tag="004">20151216160611</controlfield>
    <datafield tag="030" ind1=" " ind2=" ">
      <subfield code="a">a|||d||||||1|</subfield>
    </datafield>
    <datafield tag="050" ind1=" " ind2=" ">
      <subfield code="a">a</subfield>
    </datafield>
    <datafield tag="051" ind1=" " ind2=" ">
      <subfield code="a">s</subfield>
    </datafield>
    <datafield tag="100" ind1=" " ind2=" ">
      <subfield code="a">Albert, Ruth</subfield>
    </datafield>
    <datafield tag="104" ind1="a" ind2=" ">
      <subfield code="a">Koster, Cor J.</subfield>
    </datafield>
    <datafield tag="331" ind1=" " ind2=" ">
      <subfield code="a">Empirie in Linguistik und Sprachlehrforschung</subfield>
    </datafield>
    <datafield tag="335" ind1=" " ind2=" ">
      <subfield code="a">ein methodologisches Arbeitsbuch.</subfield>
    </datafield>
    <datafield tag="359" ind1=" " ind2=" ">
      <subfield code="a">Ruth Albert ; Cor J. Koster</subfield>
    </datafield>
    <datafield tag="410" ind1=" " ind2=" ">
      <subfield code="a">Tübingen</subfield>
    </datafield>
    <datafield tag="412" ind1=" " ind2=" ">
      <subfield code="a">Narr</subfield>
    </datafield>
    <datafield tag="425" ind1=" " ind2=" ">
      <subfield code="a">2002</subfield>
    </datafield>
    <datafield tag="433" ind1=" " ind2=" ">
      <subfield code="a">VII, 179 S.</subfield>
    </datafield>
    <datafield tag="454" ind1=" " ind2=" ">
      <subfield code="a">Narr Studienbücher</subfield>
    </datafield>
    <datafield tag="540" ind1="a" ind2=" ">
      <subfield code="a">ISBN 3-8233-4985-6</subfield>
    </datafield>
    <datafield tag="710" ind1=" " ind2=" ">
      <subfield code="a">Linguistik</subfield>
    </datafield>
    <datafield tag="710" ind1=" " ind2=" ">
      <subfield code="a">Sprachlehrforschung</subfield>
    </datafield>
    <datafield tag="710" ind1=" " ind2=" ">
      <subfield code="a">Methode</subfield>
    </datafield>
    <datafield tag="710" ind1=" " ind2=" ">
      <subfield code="a">Experiment</subfield>
    </datafield>
    <datafield tag="710" ind1=" " ind2=" ">
      <subfield code="a">Statistik</subfield>
    </datafield>
    <datafield tag="710" ind1=" " ind2=" ">
      <subfield code="a">Lehrbuch</subfield>
    </datafield>
    <datafield tag="710" ind1=" " ind2=" ">
      <subfield code="a">Empirische Forschung</subfield>
    </datafield>
  </record>