
  <record format="MARC21" type="Bibliographic">
    <leader>00737nM2.02200024   000h</leader>
    <controlfield tag="001">1030440</controlfield>
    <controlfield tag="004">20151216160611</controlfield>
    <datafield tag="030" ind1=" " ind2=" ">
      <subfield code="a">a|||d||||||1|</subfield>
    </datafield>
    <datafield tag="050" ind1=" " ind2=" ">
      <subfield code="a">a</subfield>
    </datafield>
    <datafield tag="051" ind1=" " ind2=" ">
      <subfield code="a">s</subfield>
    </datafield>
    <datafield tag="100" ind1=" " ind2=" ">
      <subfield code="a">Holm, Ute</subfield>
    </datafield>
    <datafield tag="331" ind1=" " ind2=" ">
      <subfield code="a">Medienerfahrungen in Weiterbildungsveranstaltungen</subfield>
    </datafield>
    <datafield tag="335" ind1=" " ind2=" ">
      <subfield code="a">zur Rolle massenmedialen Hintergrundwissens in der allgemeinen und beruflichen Weiterbildung.</subfield>
    </datafield>
    <datafield tag="359" ind1=" " ind2=" ">
      <subfield code="a">Ute Holm</subfield>
    </datafield>
    <datafield tag="410" ind1=" " ind2=" ">
      <subfield code="a">Bielefeld</subfield>
    </datafield>
    <datafield tag="412" ind1=" " ind2=" ">
      <subfield code="a">Bertelsmann</subfield>
    </datafield>
    <datafield tag="425" ind1=" " ind2=" ">
      <subfield code="a">2003</subfield>
    </datafield>
    <datafield tag="433" ind1=" " ind2=" ">
      <subfield code="a">200 S.</subfield>
    </datafield>
    <datafield tag="454" ind1=" " ind2=" ">
      <subfield code="a">Theorie und Praxis der Erwachsenenbildung</subfield>
    </datafield>
    <datafield tag="540" ind1="a" ind2=" ">
      <subfield code="a">ISBN 3-7639-1880-9</subfield>
    </datafield>
    <datafield tag="655" ind1="e" ind2=" ">
      <subfield code="u">http://www.die-bonn.de/doks/holm0301.pdf</subfield>
      <subfield code="z">Volltext</subfield>
    </datafield>
    <datafield tag="710" ind1=" " ind2=" ">
      <subfield code="a">Weiterbildung</subfield>
    </datafield>
    <datafield tag="710" ind1=" " ind2=" ">
      <subfield code="a">Erwachsenenbildung</subfield>
    </datafield>
    <datafield tag="710" ind1=" " ind2=" ">
      <subfield code="a">Berufliche Weiterbildung</subfield>
    </datafield>
    <datafield tag="710" ind1=" " ind2=" ">
      <subfield code="a">Unterrichtsgespräch</subfield>
    </datafield>
    <datafield tag="710" ind1=" " ind2=" ">
      <subfield code="a">Beobachtung</subfield>
    </datafield>
    <datafield tag="710" ind1=" " ind2=" ">
      <subfield code="a">Fragebogen</subfield>
    </datafield>
    <datafield tag="710" ind1=" " ind2=" ">
      <subfield code="a">Kurs</subfield>
    </datafield>
    <datafield tag="710" ind1=" " ind2=" ">
      <subfield code="a">Volkshochschule</subfield>
    </datafield>
    <datafield tag="710" ind1=" " ind2=" ">
      <subfield code="a">Medien</subfield>
    </datafield>
    <datafield tag="710" ind1=" " ind2=" ">
      <subfield code="a">Erfahrung</subfield>
    </datafield>
    <datafield tag="750" ind1=" " ind2=" ">
      <subfield code="a">Das Medienwissen und die daraus gewonnenen Erfahrungen der Teilnehmer von Weiterbildungsveranstaltungen beeinflussen unmittelbar erwachsenenpädagogische Lehr-Lernkonzepte. Mediennutzung z. B. von Fernseher und Computer dienen nicht nur zur Unterhaltung und der Verwaltung von Daten, sie sind auch zentrale Quellen der Wissensaneignung. Neben stoffbezogenen Kenntnissen beeinflussen vielfältig Erfahrungen aus dem alltäglichen Umgang mit Massenmedien das Kommunikationsklima im Weiterbildungsgeschehen. Aus den empirisch gewonnenen Ergebnissen lassen sich Überlegungen und Empfehlungen für ein erwachsenenpädagogisches Lehr-Lernmodell ableiten: Medieninformationen als Vorwissen in Bildungsveranstaltungen - so die grundlegende These- spielen eine wesentliche Rolle im Aneignungsprozess einzelner Lernsubjekte. Institutionalisierte Weiterbildungsprozesse sollten im Sinne eines Anschlusslernens an diesen Kenntnissen anzuknüpfen. (Verl.)</subfield>
    </datafield>
  </record>